<record><leader>00000cas a22000007a 4500</leader><controlfield tag="001">33229887</controlfield><controlfield tag="008">951002c19929999caubr ne      0   a0hmn d</controlfield><datafield ind1=" " ind2=" " tag="010"><subfield code="a">sn 96062703 </subfield></datafield><datafield ind1=" " ind2=" " tag="040"><subfield code="a">CFS</subfield><subfield code="b">eng</subfield><subfield code="c">CFS</subfield><subfield code="d">CNK</subfield><subfield code="d">OCL</subfield><subfield code="d">OCLCQ</subfield><subfield code="d">OCLCF</subfield><subfield code="d">OCLCO</subfield></datafield><datafield ind1="1" ind2=" " tag="029"><subfield code="a">AU@</subfield><subfield code="b">000025930191</subfield></datafield><datafield ind1="0" ind2=" " tag="041"><subfield code="a">hmneng</subfield></datafield><datafield ind1=" " ind2=" " tag="042"><subfield code="a">msc</subfield></datafield><datafield ind1="0" ind2="4" tag="245"><subfield code="a">The Hmong times.</subfield></datafield><datafield ind1=" " ind2=" " tag="260"><subfield code="a">Fresno, CA :</subfield><subfield code="b">Hmong Times,</subfield><subfield code="c">1992-</subfield></datafield><datafield ind1=" " ind2=" " tag="300"><subfield code="a">v. :</subfield><subfield code="b">ill. ;</subfield><subfield code="c">44 cm.</subfield></datafield><datafield ind1=" " ind2=" " tag="310"><subfield code="a">Bimonthly</subfield></datafield><datafield ind1="0" ind2=" " tag="362"><subfield code="a">1992-</subfield></datafield><datafield ind1=" " ind2=" " tag="546"><subfield code="a">In Hmong and English.</subfield></datafield><datafield ind1=" " ind2="0" tag="650"><subfield code="a">Hmong Americans</subfield><subfield code="v">Newspapers.</subfield></datafield><datafield ind1=" " ind2="7" tag="655"><subfield code="a">Newspapers.</subfield><subfield code="2">fast</subfield><subfield code="0">(OCoLC)fst01423814</subfield></datafield><datafield ind1=" " ind2="7" tag="650"><subfield code="a">Hmong Americans.</subfield><subfield code="2">fast</subfield><subfield code="0">(OCoLC)fst00958463</subfield></datafield><datafield ind1=" " ind2=" " tag="752"><subfield code="a">United States</subfield><subfield code="b">California</subfield><subfield code="c">Fresno</subfield><subfield code="d">Fresno.</subfield></datafield></record>